101 081000032 1234567892402060923A094101Some Bank              Your Company Inc       #A000001
5220Your Company Inc                    0123456789WEBTrans DescFeb 16240216   1081000030000000
6220810002105654221          0000017500RAj##32b1kn1bb3Luke Skywalker        A11123456780000000
7050123456789ABCDEFGJIJKLMNOPQRSTUVWXYXabcdefgjijklmnopqrstuvwxyx                  0100       
822000000200081000210000000000000000000175000123456789                         081000030000000
9000001000001000000010008100021000000000000000000017500                                       
9999999999999999999999999999999999999999999999999999999999999999999999999999999999999999999999
9999999999999999999999999999999999999999999999999999999999999999999999999999999999999999999999
9999999999999999999999999999999999999999999999999999999999999999999999999999999999999999999999
9999999999999999999999999999999999999999999999999999999999999999999999999999999999999999999999
9999999999999999999999999999999999999999999999999999999999999999999999999999999999999999999999